@article{sindy,
    author = "Steven L. Bruton and Joshua L. Proctor and J. Nathan Kutz",
    title = "Discovering governing equations from data by sparse identification of nonlinear dynamical systems",
    journal = "Proceedings of the national academy of sciences",
    volume = "113",
    number = "15",
    pages = "3932--3937",
    year = "2016",
    DOI = "https://doi.org/10.1073/pnas.1517384113"
}

@MISC{
    3bodyproblemimage, 
    author = {Perosello}, 
    title = {20 examples of periodic solutions to the three-body problem.},
    publisher = {Wikipedia},
    year = {2023},
    note = {[Online; accessed April 23, 2024]},
    url = {https://en.wikipedia.org/wiki/Three-body_problem#/media/File:5_4_800_36_downscaled.gif}
}