@article{sindy,
    author = "Steven L. Bruton and Joshua L. Proctor and J. Nathan Kutz",
    title = "Discovering governing equations from data by sparse identification of nonlinear dynamical systems",
    journal = "Proceedings of the national academy of sciences",
    volume = "113",
    number = "15",
    pages = "3932--3937",
    year = "2016",
    DOI = "https://doi.org/10.1073/pnas.1517384113"
}

@article{bongard, 
    author = "Josh Bongard and Hod Lipson",
    title = "Automated reverse engineering of nonlinear dynamical systems",
    journal = "Proceedings of the National Academy of Sciences",
    volume = "104",
    number = "24", 
    pages = "9943--9948",
    year = "2007"
}

@article{schmidt,
  author          = "Michael Schmidt and Hod Lipson",
  title = "Distilling free-form natural laws from experimental data",
  journal         = "science",
  volume          = "324",
  number          = "5923",
  year            = "2009",
  pages = "81--85"
}

@article{rudin,
  author          = "Leonid Rudin and Stanley Osher and Emad Fatemi",
  journal         = "Physica D: nonlinear phenomena",
  title           = "Nonlinear total variation based noise removal algorithms.",
  volume          = "60",
  year            = "1992",
  pages = "259--268"
}

@article{berkooz,
    author = "Gal Berkooz and Philip Holmes and John L. Lumley", 
    journal = "Annual review of fluid mechanics",
    title = "The proper orthogonal decomposition in the analysis of turbulent flows",
    volume = "25", 
    number = "1", 
    year = "1993", 
    pages = "539--575"
}